<?xml version="1.0" encoding="UTF-8"?><record xmlns="http://www.loc.gov/MARC21/slim" xmlns:cinclude="http://apache.org/cocoon/include/1.0" xmlns:zs="http://www.loc.gov/zing/srw/">
  <leader>00497cz  a2200157n  4500</leader>
  <controlfield tag="001">nb2008022971</controlfield>
  <controlfield tag="003">DLC</controlfield>
  <controlfield tag="005">20090329185355.0</controlfield>
  <controlfield tag="008">081029n| acannaabn          |n ana      </controlfield>
  <datafield tag="010" ind1=" " ind2=" ">
    <subfield code="a">nb2008022971</subfield>
  </datafield>
  <datafield tag="035" ind1=" " ind2=" ">
    <subfield code="a">(OCoLC)oca07924146</subfield>
  </datafield>
  <datafield tag="040" ind1=" " ind2=" ">
    <subfield code="a">Uk</subfield>
    <subfield code="b">eng</subfield>
    <subfield code="c">Uk</subfield>
    <subfield code="d">Uk</subfield>
    <subfield code="d">OCoLC</subfield>
  </datafield>
  <datafield tag="043" ind1=" " ind2=" ">
    <subfield code="a">e-uk-en</subfield>
  </datafield>
  <datafield tag="151" ind1=" " ind2=" ">
    <subfield code="a">Thorney (Cambridgeshire, England)</subfield>
  </datafield>
  <datafield tag="670" ind1=" " ind2=" ">
    <subfield code="a">Ord. Sur. gaz. GB, 1992</subfield>
    <subfield code="b">(Thorney, Cambridgeshire, village, 52°37.4ʹ, 0°06.1ʹW; 3 others in England)</subfield>
  </datafield>
  <datafield tag="781" ind1=" " ind2="0">
    <subfield code="z">England</subfield>
    <subfield code="z">Thorney (Cambridgeshire)</subfield>
  </datafield>
</record>